@article {MR3761275,
    AUTHOR = {Mei, Jin-Jin and Dong, Yiqiu and Huang, Ting-Zhu and Yin,
              Wotao},
     TITLE = {Cauchy noise removal by nonconvex {ADMM} with convergence
              guarantees},
   JOURNAL = {J. Sci. Comput.},
  FJOURNAL = {Journal of Scientific Computing},
    VOLUME = {74},
      YEAR = {2018},
    NUMBER = {2},
     PAGES = {743--766},
      ISSN = {0885-7474},
   MRCLASS = {94A12 (49Q20 65K10)},
  MRNUMBER = {3761275},
       DOI = {10.1007/s10915-017-0460-5},
       URL = {https://doi.org/10.1007/s10915-017-0460-5},
}
@article {MR2722312,
    AUTHOR = {Beck, Amir and Teboulle, Marc},
     TITLE = {Fast gradient-based algorithms for constrained total variation
              image denoising and deblurring problems},
   JOURNAL = {IEEE Trans. Image Process.},
  FJOURNAL = {IEEE Transactions on Image Processing},
    VOLUME = {18},
      YEAR = {2009},
    NUMBER = {11},
     PAGES = {2419--2434},
      ISSN = {1057-7149},
   MRCLASS = {94A08 (68U10 90C25)},
  MRNUMBER = {2722312},
       DOI = {10.1109/TIP.2009.2028250},
       URL = {https://doi.org/10.1109/TIP.2009.2028250},
}
@incollection {MR2049783,
    AUTHOR = {Chambolle, Antonin},
     TITLE = {An algorithm for total variation minimization and
              applications},
      NOTE = {Special issue on mathematics and image analysis},
   JOURNAL = {J. Math. Imaging Vision},
  FJOURNAL = {Journal of Mathematical Imaging and Vision},
    VOLUME = {20},
      YEAR = {2004},
    NUMBER = {1-2},
     PAGES = {89--97},
      ISSN = {0924-9907},
   MRCLASS = {49M30 (65R32 68T45 68U10 90C30)},
  MRNUMBER = {2049783},
       DOI = {10.1023/B:JMIV.0000011320.81911.38},
       URL = {https://doi.org/10.1023/B:JMIV.0000011320.81911.38},
}